@article{seamcarve,
   author = {Shai Avidan and Ariel Shamir},
   title = {Seam carving for content-aware image resizing},
   journal = {ACM Trans. Graph.},
   volume = {26},
   number = {3},
   year = {2007},
   pages = {10},
   publisher = {ACM},
}

@misc{matterport_maskrcnn_2017,
  title={Mask R-CNN for object detection and instance segmentation on Keras and TensorFlow},
  author={Waleed Abdulla},
  year={2017},
  publisher={Github},
  journal={GitHub repository},
  howpublished={\url{https://github.com/matterport/Mask_RCNN}},
}

@article{maskrcnnpaper,
  author    = {Kaiming He and
               Georgia Gkioxari and
               Piotr Doll{\'{a}}r and
               Ross B. Girshick},
  title     = {Mask {R-CNN}},
  journal   = {CoRR},
  volume    = {abs/1703.06870},
  year      = {2017},
  url       = {http://arxiv.org/abs/1703.06870},
  archivePrefix = {arXiv},
  eprint    = {1703.06870},
  timestamp = {Mon, 13 Aug 2018 16:46:36 +0200},
  biburl    = {https://dblp.org/rec/bib/journals/corr/HeGDG17},
  bibsource = {dblp computer science bibliography, https://dblp.org}
}

@article{poisson,
 author = {P{\'e}rez, Patrick and Gangnet, Michel and Blake, Andrew},
 title = {Poisson Image Editing},
 journal = {ACM Trans. Graph.},
 issue_date = {July 2003},
 volume = {22},
 number = {3},
 month = jul,
 year = {2003},
 issn = {0730-0301},
 pages = {313--318},
 numpages = {6},
 url = {http://doi.acm.org/10.1145/882262.882269},
 doi = {10.1145/882262.882269},
 acmid = {882269},
 publisher = {ACM},
 address = {New York, NY, USA},
 keywords = {Poisson equation, guided interpolation, image gradient, interactive image editing, seamless cloning, selection editing},
}

@article{fastcarve,
  author = {Huang Hua and Fu TianNan and  Rosin Paul L and QI Chun},
  title = {Real-time content-aware image resizing},
  journal = {Science in China Press Series F: Information Sciences},
  volume ={52},
  number={2},
  year={2009},
  pages = {172--182},
  numpages = {10},
  url = {http://vmcl.xjtu.edu.cn/Real-Time Content-Aware Image Resizing.files/real_time_content_aware_image_resizing.pdf},
  publisher = {Science in China Press},
}